@book{HarryPotter1,
  title     = "Harry Potter and the Philosopher's Stone",
  author    = "J.K. Rowling",
  year      = 1997,
  publisher = "	Bloomsbury",
  address   = "London",
  isbn      = "978-0-7475-3269-9"
}

@article{SudokuWithMatlab,
	author = {Marinescu, Raluca and Garcia, Andrea and Castro, Ivan and Enoiu, Eduard},
	year = {2022},
	month = {12},
	pages = {},
	title = {Solving Sudoku with MATLAB},
	Url = {http://link.aip.org/link/?RSI/72/4477/1}
}